<record><leader>00000cas a22000007a 4500</leader><controlfield tag="001">15728741</controlfield><controlfield tag="008">870523d18581859iauwr ne      0    0eng d</controlfield><controlfield tag="009">5087</controlfield><datafield ind1=" " ind2=" " tag="010"><subfield code="a">sn 87057508 </subfield></datafield><datafield ind1=" " ind2=" " tag="040"><subfield code="a">INP</subfield><subfield code="b">eng</subfield><subfield code="c">INP</subfield><subfield code="d">MGN</subfield></datafield><datafield ind1=" " ind2=" " tag="042"><subfield code="a">msc</subfield></datafield><datafield ind1="0" ind2=" " tag="130"><subfield code="a">Fremont herald (Sidney, Iowa)</subfield></datafield><datafield ind1="0" ind2="4" tag="245"><subfield code="a">The Fremont herald.</subfield></datafield><datafield ind1=" " ind2=" " tag="260"><subfield code="a">Sidney, Fremont County, Iowa :</subfield><subfield code="b">C.B. Shoemaker &amp; Co.,</subfield><subfield code="c">1858-1859.</subfield></datafield><datafield ind1=" " ind2=" " tag="300"><subfield code="a">1 v.</subfield></datafield><datafield ind1=" " ind2=" " tag="310"><subfield code="a">Weekly</subfield></datafield><datafield ind1="0" ind2=" " tag="362"><subfield code="a">Vol. 1, no. 1 (May 15, 1858)-v. 1, no. 52 (May 14, 1859).</subfield></datafield><datafield ind1=" " ind2=" " tag="752"><subfield code="a">United States</subfield><subfield code="b">Iowa</subfield><subfield code="c">Fremont</subfield><subfield code="d">Sidney.</subfield></datafield><datafield ind1="0" ind2="0" tag="785"><subfield code="t">Page County herald (Clarinda, Iowa : 1859)</subfield><subfield code="w">(DLC)sn 85049640</subfield></datafield></record>